@book{Anderson2008sea,
  author={Anderson, Ross J.},
  title={Security Engineering},
  subtitle={A guide to building dependable distributed systems},
  publisher={Wiley},
  address={Indianapolis, IN},
  year={2008},
  edition={2},
  ISBN={978-0-470-06852-6 (hbk.)},
  URL={http://www.cl.cam.ac.uk/~rja14/book.html},
  keywords={IT-s{\"a}kerhet},
}

@book{SecurityAndUsability,
  title = {Security and Usability},
  editor = {Cranor, Lorrie and Garfinkel, Simson},
  year = {2005},
  isbn = {0596008279},
  publisher = {O'Reilly Media, Inc.},
} 

@inproceedings{Komanduri2011opa,
  author={Komanduri, Saranga and
    Shay, Richard and
    Kelley, Patrick Gage and
    Mazurek, Michelle L. and
    Bauer, Lujo and
    Christin, Nicolas and
    Cranor, Lorrie Faith and
    Egelman, Serge},
  title={Of passwords and people:
    Measuring the effect of password-composition policies},
  booktitle={CHI},
  year={2011},
  URL={http://cups.cs.cmu.edu/rshay/pubs/passwords_and_people2011.pdf},
}
@inproceedings{Komanduri2014can,
  title={Can long passwords be secure and usable?},
  author={Shay, Richard and
    Komanduri, Saranga and
    Durity, Adam L and
    Huh, Phillip Seyoung and
    Mazurek, Michelle L and
    Segreti, Sean M and
    Ur, Blase and
    Bauer, Lujo and
    Christin, Nicolas and
    Cranor, Lorrie Faith},
  booktitle={Proceedings of the 32nd annual ACM conference on Human factors in 
    computing systems},
  pages={2927--2936},
  year={2014},
  organization={ACM},
  URL={http://lorrie.cranor.org/pubs/longpass-chi2014.pdf},
}

@misc{xkcd906,
  author={xkcd},
  title={Adertising Discovery},
  URL={https://xkcd.com/906/},
}
@misc{xkcd936,
  author={xkcd},
  title={Password Strength},
  URL={https://xkcd.com/936/},
}
@misc{xkcd538,
  author={xkcd},
  title={Security},
  URL={https://xkcd.com/538/},
}

@article{dn2010choklad,
  author={TT},
  title={Folk byter l√∂senord mot choklad},
  journal={Dagens Nyheter},
  date={2010-01-19},
  month={1},
  year={2010},
}

@misc{Sophos2011usbmal,
  author={Ducklin, Paul},
  title={Lost USB keys have 66\% chance of malware},
  month={12},
  year={2011},
  URL={http://nakedsecurity.sophos.com/2011/12/07/lost-usb-keys-have-66-percent-chance-of-malware},
}

@techreport{Epstein2013dar,
  author={Epstein, Robert and
    Robertson, Ronald E.},
  title={Democracy at risk: Manipulating search rankings can shift voting 
    preferences substatially without voter awareness},
  institution={American Institute for Behavioural Research and Technology},
  year={2013},
  URL={http://aibrt.org/downloads/EPSTEIN_and_Robertson_2013-Democracy_at_Risk-APS-summary-5-13.pdf},
}
@article{Pan2007igw,
  author={Pan, B. and
    Hembrooke, H. and
    Joachims, T. and
    Lorigo, L. and
    Gay, G. and
    Granka, L.},
  title={In {Google} we trust: Users' decisions on rank, position, and 
    relevance},
  journal={Journal of Computer-Mediated Communication},
  volume={12},
  number={3},
  URL={http://jcmc.indiana.edu/vol12/issue3/pan.html},
}

@misc{Cluley2012twp,
  author={Cluley, Graham},
  title={The worst passwords you could ever choose exposed by {Yahoo Voices}
    hack},
  year={2012},
  month={7},
  URL={http://nakedsecurity.sophos.com/2012/07/13/yahoo-voices-poor-passwords/},
}
@misc{Oberheide2010bao,
  author={Oberheide, Jon},
  title={Brief analysis of the Gawker password dump},
  year={2010},
  month={12},
  URL={https://duo.com/blog/brief-analysis-of-the-gawker-password-dump/}
}

@article{MatHonan,
  title = {How {Apple} and {Amazon} Security Flaws Led to My Epic Hacking},
  author = {Mat Honan},
	url = {https://www.wired.com/2012/08/apple-amazon-mat-honan-hacking/},
  abstract = {In the space of one hour, my entire digital life was destroyed.  
    First my Google account was taken over, then deleted. Next my Twitter 
        account was compromised, and used as a platform to broadcast racist and 
        homophobic messages. Here's the story of exactly how my hackers created 
        havoc by exploiting Apple and Amazon security flaws.},
  urldate = {2017-03-13},
	journal = {WIRED},
  month={8},
  year={2012},
}

